
<marc:record><marc:leader>03415cam a2200409 a 4500</marc:leader>
<marc:controlfield tag="005">20180222155539.0</marc:controlfield>
<marc:controlfield tag="006">m     o  d        </marc:controlfield><marc:controlfield tag="007">cr unu||||||||</marc:controlfield><marc:controlfield tag="008">120625s2012    miuac   ob   s000 0 eng d</marc:controlfield><marc:datafield tag="020" ind1=" " ind2=" "><marc:subfield code="a">9780472035083</marc:subfield><marc:subfield code="q">(pbk.)</marc:subfield></marc:datafield><marc:datafield tag="020" ind1=" " ind2=" "><marc:subfield code="a">0472035088</marc:subfield><marc:subfield code="q">(pbk.)</marc:subfield></marc:datafield><marc:datafield tag="020" ind1=" " ind2=" "><marc:subfield code="a">9780472028887 (e-book)</marc:subfield></marc:datafield><marc:datafield tag="024" ind1="7" ind2=" "><marc:subfield code="a">10.3998/mpub.3874458</marc:subfield></marc:datafield><marc:datafield tag="040" ind1=" " ind2=" "><marc:subfield code="a">MiU</marc:subfield><marc:subfield code="b">eng</marc:subfield><marc:subfield code="c">MiU</marc:subfield></marc:datafield><marc:datafield tag="050" ind1="0" ind2="4"><marc:subfield code="a">UB360</marc:subfield><marc:subfield code="b">.D57 2012</marc:subfield></marc:datafield><marc:datafield tag="082" ind1="0" ind2="4"><marc:subfield code="a">362.4/08697</marc:subfield><marc:subfield code="2">23</marc:subfield></marc:datafield><marc:datafield tag="245" ind1="0" ind2="0"><marc:subfield code="a">Disabled veterans in history /</marc:subfield><marc:subfield code="c">David A. Gerber, editor ; afterword by Jonathan Shay.</marc:subfield></marc:datafield><marc:datafield tag="250" ind1=" " ind2=" "><marc:subfield code="a">Enlarged and rev. ed., 1st pbk. ed.</marc:subfield></marc:datafield><marc:datafield tag="264" ind1=" " ind2="1"><marc:subfield code="a">Ann Arbor :</marc:subfield><marc:subfield code="b">University of Michigan Press,</marc:subfield><marc:subfield code="c">2012.</marc:subfield></marc:datafield><marc:datafield tag="300" ind1=" " ind2=" "><marc:subfield code="a">1 online resource</marc:subfield></marc:datafield><marc:datafield tag="336" ind1=" " ind2=" "><marc:subfield code="a">text</marc:subfield><marc:subfield code="b">txt</marc:subfield><marc:subfield code="2">rdacontent</marc:subfield></marc:datafield><marc:datafield tag="337" ind1=" " ind2=" "><marc:subfield code="a">computer</marc:subfield><marc:subfield code="b">c</marc:subfield><marc:subfield code="2">rdamedia</marc:subfield></marc:datafield><marc:datafield tag="338" ind1=" " ind2=" "><marc:subfield code="a">online resource</marc:subfield><marc:subfield code="b">cr</marc:subfield><marc:subfield code="2">rdacarrier</marc:subfield></marc:datafield><marc:datafield tag="490" ind1="1" ind2=" "><marc:subfield code="a">Corporealities: discourses of disability</marc:subfield></marc:datafield><marc:datafield tag="504" ind1=" " ind2=" "><marc:subfield code="a">Includes bibliographical references.</marc:subfield></marc:datafield><marc:datafield tag="505" ind1="0" ind2=" "><marc:subfield code="a">Introduction : finding disabled veterans in history / David A. Gerber -- Representation. Philoctetes in historical context / Martha Edwards -- Heroes and misfits : the troubled social reintegration of disabled veterans in The best years of our lives / David A. Gerber -- Bitterness, rage, and redemption : Hollywood constructs the disabled Vietnam veteran / Martin F. Norden -- Public policy. Disabled veterans and the state in early modern England / Geoffrey L. Hudson -- &quot;A sacred debt&quot; : veterans and the state in revolutionary and Napoleonic France / Isser Woloch -- From individual trauma to national policy : tracking the uses of Civil War veteran medical records / Robert I. Goler and Michael G. Rhode -- Work-therapy and the disabled British soldier in Great Britain in the First World War : the cased of Shepherd's Bush Military Hospital, London / Jeffrey S. Reznick -- &quot;Empty sleeves and wooden pegs&quot; : disabled Confederate veterans in image and reality / R.B. Rosenburg -- Fifty years of pain : the history of Austrian disabled veterans after 1945 / Gregory Weeks -- Disabled Russian War veterans : surviving the collapse of the Soviet Union / Ethel Dunn -- Living with a disability : adjustments and maladjustments. Nomads in blue : disabled veterans and alcohol at the national home / James Marten -- Will to work : disabled veterans in Britain and Germany after the First World War / Deborah Cohen -- Lieutenant John Counsell and the development of medical rehabilitation and disability policy in Canada / Mary Tremblay -- Post-modern American heroism : anti-war war heroes, survivor heroes, and the eclipse of traditional warrior values / David A. Gerber -- Afterword : a challenge to historians / Jonathan Shay.</marc:subfield></marc:datafield><marc:datafield tag="588" ind1=" " ind2=" "><marc:subfield code="a">Description based on information from the publisher.</marc:subfield></marc:datafield><marc:datafield tag="650" ind1="1" ind2="2"><marc:subfield code="a">Veterans Health</marc:subfield><marc:subfield code="x">history</marc:subfield><marc:subfield code="0">https://id.nlm.nih.gov/mesh/D058014Q000266</marc:subfield></marc:datafield><marc:datafield tag="650" ind1="1" ind2="2"><marc:subfield code="a">Disabled Persons</marc:subfield><marc:subfield code="x">history</marc:subfield><marc:subfield code="0">https://id.nlm.nih.gov/mesh/D006233Q000266</marc:subfield></marc:datafield><marc:datafield tag="650" ind1="2" ind2="2"><marc:subfield code="a">Veterans</marc:subfield><marc:subfield code="x">history</marc:subfield><marc:subfield code="0">https://id.nlm.nih.gov/mesh/D014728Q000266</marc:subfield></marc:datafield><marc:datafield tag="650" ind1="2" ind2="2"><marc:subfield code="a">Armed Conflicts</marc:subfield><marc:subfield code="x">history</marc:subfield><marc:subfield code="0">https://id.nlm.nih.gov/mesh/D000068337Q000266</marc:subfield></marc:datafield><marc:datafield tag="650" ind1="2" ind2="2"><marc:subfield code="a">Public Policy</marc:subfield><marc:subfield code="x">history</marc:subfield><marc:subfield code="0">https://id.nlm.nih.gov/mesh/D011640Q000266</marc:subfield></marc:datafield><marc:datafield tag="655" ind1=" " ind2="4"><marc:subfield code="a">Electronic books.</marc:subfield></marc:datafield><marc:datafield tag="700" ind1="1" ind2=" "><marc:subfield code="a">Gerber, David A.,</marc:subfield><marc:subfield code="d">1944-</marc:subfield></marc:datafield><marc:datafield tag="710" ind1="2" ind2=" "><marc:subfield code="a">Michigan Publishing (University of Michigan)</marc:subfield><marc:subfield code="e">publisher.</marc:subfield></marc:datafield><marc:datafield tag="830" ind1=" " ind2="0"><marc:subfield code="a">Corporealities.</marc:subfield></marc:datafield><marc:datafield tag="856" ind1="4" ind2="0"><marc:subfield code="z">Access to the Michigan Publishing online version:</marc:subfield><marc:subfield code="u">https://doi.org/10.3998/mpub.3874458</marc:subfield></marc:datafield></marc:record>