
<marc:record><marc:leader>01251cam a22003258a 4500</marc:leader>
<marc:controlfield tag="005">20161228114053.0</marc:controlfield>
<marc:controlfield tag="006">m     o  d        </marc:controlfield><marc:controlfield tag="007">cr unu||||||||</marc:controlfield><marc:controlfield tag="008">120319s2012    miua    ob    001 0 eng d</marc:controlfield><marc:datafield tag="010" ind1=" " ind2=" "><marc:subfield code="a">2012011048</marc:subfield></marc:datafield><marc:datafield tag="020" ind1=" " ind2=" "><marc:subfield code="a">9780472118267</marc:subfield><marc:subfield code="q">(hardback : alk. paper)</marc:subfield></marc:datafield><marc:datafield tag="020" ind1=" " ind2=" "><marc:subfield code="a">9780472028351</marc:subfield><marc:subfield code="q">(e-book)</marc:subfield></marc:datafield><marc:datafield tag="024" ind1="7" ind2=" "><marc:subfield code="a">10.3998/mpub.4585194</marc:subfield></marc:datafield><marc:datafield tag="040" ind1=" " ind2=" "><marc:subfield code="a">MiU</marc:subfield><marc:subfield code="b">eng</marc:subfield><marc:subfield code="c">MiU</marc:subfield></marc:datafield><marc:datafield tag="050" ind1="0" ind2="0"><marc:subfield code="a">QP356</marc:subfield><marc:subfield code="b">.N4837 2012</marc:subfield></marc:datafield><marc:datafield tag="082" ind1="0" ind2="0"><marc:subfield code="a">612.8</marc:subfield><marc:subfield code="2">23</marc:subfield></marc:datafield><marc:datafield tag="245" ind1="0" ind2="4"><marc:subfield code="a">The neuroscientific turn :</marc:subfield><marc:subfield code="b">transdisciplinarity in the age of the brain /</marc:subfield><marc:subfield code="c">Melissa M. Littlefield and Jenell M. Johnson, editors.</marc:subfield></marc:datafield><marc:datafield tag="264" ind1=" " ind2="1"><marc:subfield code="a">Ann Arbor :</marc:subfield><marc:subfield code="b">University of Michigan Press,</marc:subfield><marc:subfield code="c">c2012.</marc:subfield></marc:datafield><marc:datafield tag="300" ind1=" " ind2=" "><marc:subfield code="a">1 online resource</marc:subfield></marc:datafield><marc:datafield tag="336" ind1=" " ind2=" "><marc:subfield code="a">text</marc:subfield><marc:subfield code="b">txt</marc:subfield><marc:subfield code="2">rdacontent</marc:subfield></marc:datafield><marc:datafield tag="337" ind1=" " ind2=" "><marc:subfield code="a">computer</marc:subfield><marc:subfield code="b">c</marc:subfield><marc:subfield code="2">rdamedia</marc:subfield></marc:datafield><marc:datafield tag="338" ind1=" " ind2=" "><marc:subfield code="a">online resource</marc:subfield><marc:subfield code="b">cr</marc:subfield><marc:subfield code="2">rdacarrier</marc:subfield></marc:datafield><marc:datafield tag="504" ind1=" " ind2=" "><marc:subfield code="a">Includes bibliographical references and index.</marc:subfield></marc:datafield><marc:datafield tag="588" ind1=" " ind2=" "><marc:subfield code="a">Description based on information from the publisher.</marc:subfield></marc:datafield><marc:datafield tag="650" ind1="1" ind2="2"><marc:subfield code="a">Neuroscience.</marc:subfield></marc:datafield><marc:datafield tag="655" ind1=" " ind2="4"><marc:subfield code="a">Electronic books.</marc:subfield></marc:datafield><marc:datafield tag="700" ind1="1" ind2=" "><marc:subfield code="a">Littlefield, Melissa M.,</marc:subfield><marc:subfield code="d">1979-</marc:subfield></marc:datafield><marc:datafield tag="700" ind1="1" ind2=" "><marc:subfield code="a">Johnson, Jenell M.,</marc:subfield><marc:subfield code="d">1978-</marc:subfield></marc:datafield><marc:datafield tag="710" ind1="2" ind2=" "><marc:subfield code="a">Michigan Publishing (University of Michigan)</marc:subfield><marc:subfield code="e">publisher.</marc:subfield></marc:datafield><marc:datafield tag="856" ind1="4" ind2="0"><marc:subfield code="z">Access to the Michigan Publishing online version:</marc:subfield><marc:subfield code="u">https://doi.org/10.3998/mpub.4585194</marc:subfield></marc:datafield></marc:record>